%---------------------------------------------%
%%Chemical Physics and physical chemistry%%
%---------------------------------------------%
@string{jcp="J. Chem. Phys."}
@string{cp="Chem. Phys."}
@string{cpl="Chem. Phys. Lett."}
@string{cpc="ChemPhysChem"}
@string{molphys="Mol. Phys."}
@string{acp="Adv. Chem. Phys."}
@string{jpca="J. Phys. Chem. A"}
@string{jpcb="J. Phys. Chem. B"}
@string{jpc="J. Phys. Chem."}
@string{jctc="J. Chem. Theory. Comput."}
@string{molspec="J. Molec. Spectrosc."}
@string{molstr="J. Mol. Struc."}
@string{prsc="Proc. R. Soc. London."}
@string{pra="Phys. Rev. A"}
@string{prb="Phys. Rev. B"}
@string{prl="Phys. Rev. Lett."}
@string{jetp="J. Exp. Theor. Phys."}
@string{annrevphychem="Annu. Rev. Phys. Chem."}
@string{jcc="J. Comput. Chem."}

%---------------------------------------------%
%%General chemistry %%%
%---------------------------------------------%
@string{jacs="J. Am. Chem. Soc."}
@string{jcc="J. Chem. Comp."}
@string{ic="Inorg. Chem."}
@string{angew-int="Angew. Chem. Int. Ed."}
@string{pnas="Proc. Nat. Acad. Sci. USA"}
@string{chemsocrev="Chem. Soc. Rev."}

%---------------------------------------------%
%%Biological Chemistry and Biological Physics%
%---------------------------------------------%
@string{bj="Biophys. J."}
@string{jbc="J. Biol. Chem."}
@string{jbic="J. Biol. Inorg. Chem."}
@string{jib="J. Inorg. Biol. Chem."}
@string{jibc="J. Inorg. Biochem."}
@string{jmb="J. Mol. Biol."}
@string{bc="Biochemistry"}
@string{bbrc="Biochem. Biophys. Res. Commun."}
@string{embo="EMBO Journal"}
@string{embor="EMBO Reports"}
@string{gene="Gene"}
@string{biophysj="Biophys. J."}
@string{jbp="J. Biol. Phys."}
@string{biophyschem="Biophys. Chem."}
@string{molbiolevol="Mol. Biol. Evol."}
@string{britpharm="Brit. J. Pharmacol."}
@string{struc="Structure"}
%@string{proteins="Proteins"}
@string{proteins="Proteins"}
@string{natstrbio="Nat. Struct. Biol."}
@string{cellmollisci="Cell. Mol. Life Sci."}
@string{micron="Micron"}
@string{iubmbl="IUBMB LIFE"}
@string{currpharm="Curr. Opin. Pharmacol."}
@string{currstrbio="Curr. Opin. Struct. Biol."}
@string{anbiophys="Annu. Rev. Biophys. Bio."}

%---------------------------------------------%
%%Miscallenous%
%---------------------------------------------%
@string{sci="Science"}
@string{nature="Nature"}
@string{absjacs="Abs. Pap. Am. Chem. S."}
@string{berbuns="Ber. Bunsen Phys. Chem."}
@string{actcrystbio="Acta Crystallogr. Sect. D: Biol. Crystallogr."}
@string{micron="Micron"}
@string{cprr="Chem. Phys. Res. Reports"}
@string{structure="Structure"}
@string{mgm="J. Mol. Graphics Model."}
@string{atmenvi="Atmos Environ A-Gen"}
@string{chemrev="Chem Rev"}
@string{specactaa="Spec. Acta Aâ€“Mol. Biomol. Spec."}
@string{teochem="J. Mol. Struct-Teochem"}
@string{comphycom="Comput. Phys. Commun."}
@string{jcim="J. Chem. Inf. and Mod."}
@string{acr="Acc. Chem. Res."}
@string{gprl="Geophys. Res.  Lett."}
@string{ijck="Int. J. Chem. Kinet."}
@string{es="Environ. Sci."}
@string{jgr="J. Geophys. Res."}
@string{aqc="Adv. Quantum Chem."}
@string{np="Nat. Phys."}
@string{pccp="Phys Chem Chem Phys."}



